@article{BabuReviewLosslessCompression,
  title   = {A Review on Lossless Compression Techniques for Wireless Capsule Endoscopic Data},
  author  = {Babu, Caren and Chandy, D. Abraham},
  journal = {Current Medical Imaging},
  volume  = {17},
  number  = {1},
  pages   = {27--38},
  langid  = {english}
}

@article{Boopathiraja2022Computational2D3D,
  title   = {Computational 2D and 3D Medical Image Data Compression Models},
  author  = {Boopathiraja, S. and Punitha, V. and Kalavathi, P. and Prasath, V. B. Surya},
  year    = {2022},
  month   = mar,
  journal = {Archives of Computational Methods in Engineering},
  volume  = {29},
  number  = {2},
  pages   = {975--1007},
  issn    = {1886-1784},
  doi     = {10.1007/s11831-021-09602-w},
  langid  = {english}
}

@article{Deorowicz2013DataCompressionSequencing,
  title   = {Data Compression for Sequencing Data},
  author  = {Deorowicz, Sebastian and Grabowski, Szymon},
  year    = {2013},
  month   = nov,
  journal = {Algorithms for Molecular Biology},
  volume  = {8},
  number  = {1},
  pages   = {25},
  issn    = {1748-7188},
  doi     = {10.1186/1748-7188-8-25}
}

@article{Javier2014ApplicationLinearPredictive,
  title   = {Application of Linear Predictive Coding for Human Activity Classification Based on Micro-Doppler Signatures},
  author  = {Javier, Rios Jesus and Kim, Youngwook},
  year    = {2014},
  month   = oct,
  journal = {IEEE Geoscience and Remote Sensing Letters},
  volume  = {11},
  number  = {10},
  pages   = {1831--1834},
  issn    = {1558-0571},
  doi     = {10.1109/LGRS.2014.2311819}
}

@article{Ketshabetswe2021DataCompressionAlgorithms,
  title      = {Data Compression Algorithms for Wireless Sensor Networks: A Review and Comparison},
  shorttitle = {Data Compression Algorithms for Wireless Sensor Networks},
  author     = {Ketshabetswe, Keleadile Lucia and Zungeru, Adamu Murtala and Mtengi, Bokani and Lebekwe, Caspar K. and Prabaharan, S. R. S.},
  year       = {2021},
  journal    = {IEEE Access},
  volume     = {9},
  pages      = {136872--136891},
  issn       = {2169-3536},
  doi        = {10.1109/ACCESS.2021.3116311}
}

@article{liu2014Gaoxiaodexianxingyuceyuyinbianmaxinxiyincangfangfa,
  title   = {高效的线性预测语音编码信息隐藏方法},
  author  = {刘鹏 and 李松斌 and 戴琼兴 and 邓浩江},
  year    = {2014},
  journal = {计算机工程与设计},
  volume  = {35},
  number  = {04},
  pages   = {1172--1177},
  issn    = {1000-7024},
  doi     = {10.16208/j.issn1000-7024.2014.04.013},
  langid  = {chinese}
}

@article{Liu2018HybridLinearWeighted,
  title   = {Hybrid Linear Weighted Prediction and Intra Block Copy Based Light Field Image Coding},
  author  = {Liu, Deyang and An, Ping and Ma, Ran and Shen, Liquan},
  year    = {2018},
  month   = dec,
  journal = {Multimedia Tools and Applications},
  volume  = {77},
  number  = {24},
  pages   = {31929--31951},
  issn    = {1573-7721},
  doi     = {10.1007/s11042-018-6255-3},
  langid  = {english}
}

@article{Moffat1990LinearTimeAdaptive,
  title   = {Linear Time Adaptive Arithmetic Coding},
  author  = {Moffat, A.},
  year    = {1990},
  month   = mar,
  journal = {IEEE Transactions on Information Theory},
  volume  = {36},
  number  = {2},
  pages   = {401--406},
  issn    = {1557-9654},
  doi     = {10.1109/18.52489}
}

@inproceedings{Motta1999AdaptiveLinearPrediction,
  title     = {Adaptive Linear Prediction Lossless Image Coding},
  booktitle = {Proceedings DCC'99 Data Compression Conference (Cat. No. PR00096)},
  author    = {Motta, G. and Storer, J.A. and Carpentieri, B.},
  year      = {1999},
  month     = mar,
  pages     = {491--500},
  issn      = {1068-0314},
  doi       = {10.1109/DCC.1999.755699}
}

@article{Rissanen1979ArithmeticCoding,
  title   = {Arithmetic Coding},
  author  = {Rissanen, J. and Langdon, G. G.},
  year    = {1979},
  month   = mar,
  journal = {IBM Journal of Research and Development},
  volume  = {23},
  number  = {2},
  pages   = {149--162},
  issn    = {0018-8646},
  doi     = {10.1147/rd.232.0149}
}

@article{Sumi2017LosslessImageCoding,
  title   = {Lossless Image Coding Based on Probability Modeling Using Template Matching and Linear Prediction},
  author  = {Sumi, Toru and Inamura, Yuta and Kameda, Yusuke and Ishikawa, Tomokazu and Matsuda, Ichiro and Itoh, Susumu},
  year    = {2017},
  journal = {IEICE Transactions on Fundamentals of Electronics, Communications and Computer Sciences},
  volume  = {E100.A},
  number  = {11},
  pages   = {2351--2354},
  doi     = {10.1587/transfun.E100.A.2351}
}

@article{tang2022Shujuyasuojishuzaitongxinzhongdeyingyong,
  title   = {数据压缩技术在通信中的应用},
  author  = {汤敏},
  year    = {2022},
  journal = {无线互联科技},
  volume  = {19},
  number  = {16},
  pages   = {115--117},
  issn    = {1672-6944},
  langid  = {chinese}
}

@inproceedings{Ulacha2014NewContextBasedAdaptive,
  title     = {New Context-Based Adaptive Linear Prediction Algorithm for Lossless Image Coding},
  booktitle = {2014 International Conference on Signals and Electronic Systems (Icses)},
  author    = {Ulacha, Grzegorz and Stasinski, Ryszard},
  year      = {2014},
  publisher = {Ieee},
  address   = {New York},
  isbn      = {978-1-4799-7009-4},
  langid    = {english}
}
